<record><leader>00000cas a22000007a 4500</leader><controlfield tag="001">10446828</controlfield><controlfield tag="008">840223d187u1876ctucr ne      0    0eng d</controlfield><datafield ind1=" " ind2=" " tag="010"><subfield code="a">sn 84022500 </subfield></datafield><datafield ind1=" " ind2=" " tag="040"><subfield code="a">NPX</subfield><subfield code="b">eng</subfield><subfield code="c">NPX</subfield><subfield code="d">CNW</subfield><subfield code="d">OCLCQ</subfield></datafield><datafield ind1=" " ind2=" " tag="042"><subfield code="a">msc</subfield></datafield><datafield ind1=" " ind2=" " tag="043"><subfield code="a">n-us-ct</subfield></datafield><datafield ind1="0" ind2=" " tag="130"><subfield code="a">Daily morning call (West Meriden, Conn. : Semiweekly)</subfield></datafield><datafield ind1="1" ind2="0" tag="245"><subfield code="a">Daily morning call.</subfield></datafield><datafield ind1="1" ind2="3" tag="246"><subfield code="a">Daily call</subfield><subfield code="f">&lt;1876&gt;</subfield></datafield><datafield ind1=" " ind2=" " tag="250"><subfield code="a">Semiweekly.</subfield></datafield><datafield ind1=" " ind2=" " tag="260"><subfield code="a">West Meriden [Meriden], Conn. :</subfield><subfield code="b">Call Co.</subfield></datafield><datafield ind1=" " ind2=" " tag="300"><subfield code="a">v.</subfield></datafield><datafield ind1=" " ind2=" " tag="310"><subfield code="a">Semiweekly</subfield></datafield><datafield ind1="1" ind2=" " tag="362"><subfield code="a">Ceased June 31 [sic], 1876.</subfield></datafield><datafield ind1=" " ind2=" " tag="500"><subfield code="a">"Morning" appears in title ornament, &lt;1876&gt;.</subfield></datafield><datafield ind1=" " ind2=" " tag="500"><subfield code="a">"Independent."</subfield></datafield><datafield ind1=" " ind2=" " tag="515"><subfield code="a">Contains numerous numbering inconsistencies.</subfield></datafield><datafield ind1=" " ind2=" " tag="588"><subfield code="a">Description based on: Vol. 5, no. 1 (June 22, 1875).</subfield></datafield><datafield ind1=" " ind2="4" tag="651"><subfield code="a">Meriden (Conn.)</subfield><subfield code="v">Newspapers.</subfield></datafield><datafield ind1=" " ind2=" " tag="752"><subfield code="a">United States</subfield><subfield code="b">Connecticut</subfield><subfield code="c">New Haven</subfield><subfield code="d">Meriden.</subfield></datafield><datafield ind1="0" ind2=" " tag="775"><subfield code="t">Daily morning call (West Meriden, Conn. : Daily)</subfield><subfield code="w">(DLC)sn 84027722</subfield><subfield code="w">(OCoLC)11487949</subfield></datafield><datafield ind1="0" ind2="0" tag="785"><subfield code="t">Call and citizen</subfield><subfield code="w">(DLC)sn 84022493</subfield><subfield code="w">(OCoLC)10439120</subfield></datafield><datafield ind1="1" ind2=" " tag="029"><subfield code="a">AU@</subfield><subfield code="b">000020631836</subfield></datafield></record>